<?xml version="1.0" encoding="UTF-8"?><collection xmlns="http://www.loc.gov/MARC21/slim"><record><leader>00530nam--2200181-i-4500</leader><controlfield tag="001">000027552</controlfield><controlfield tag="002">20161230</controlfield><controlfield tag="005">20161230201036</controlfield><controlfield tag="008">060222s1000------------r-----000-0-eng-d</controlfield><datafield ind1=" " ind2=" " tag="040"><subfield code="a">IFIN-HH</subfield></datafield><datafield ind1=" " ind2=" " tag="080"><subfield code="a">530.145</subfield></datafield><datafield ind1="1" ind2=" " tag="100"><subfield code="a">Landau L.D</subfield></datafield><datafield ind1="1" ind2="0" tag="245"><subfield code="a">Course of theoretical physics. vol. 4. relativistic quantum theory. part. 2</subfield><subfield code="c">L.d. landau, e.m. lifshitz, l.p pitaevskii</subfield></datafield><datafield ind1=" " ind2=" " tag="260"><subfield code="a">London</subfield><subfield code="b">Pergamon Press</subfield><subfield code="c">1973</subfield></datafield><datafield ind1=" " ind2=" " tag="300"><subfield code="a">VII+616 P</subfield></datafield><datafield ind1="1" ind2=" " tag="700"><subfield code="a">Pitaevskii, L.P</subfield></datafield><datafield ind1=" " ind2=" " tag="852"><subfield code="a">14008</subfield><subfield code="c">530.1</subfield></datafield><datafield ind1=" " ind2=" " tag="CAT"><subfield code="a">Sys</subfield><subfield code="c">20160415</subfield><subfield code="h">093554</subfield></datafield></record></collection>